<record><leader>00000cas a22000007a 4500</leader><controlfield tag="001">13098795</controlfield><controlfield tag="008">860203d19501951wiuwr ne      0    0eng d</controlfield><datafield ind1=" " ind2=" " tag="010"><subfield code="a">sn 86086305 </subfield></datafield><datafield ind1=" " ind2=" " tag="040"><subfield code="a">NPV</subfield><subfield code="b">eng</subfield><subfield code="c">NPV</subfield><subfield code="d">OCLCQ</subfield></datafield><datafield ind1=" " ind2=" " tag="042"><subfield code="a">msc</subfield></datafield><datafield ind1=" " ind2=" " tag="045"><subfield code="a">x5x5</subfield></datafield><datafield ind1=" " ind2=" " tag="052"><subfield code="a">4123</subfield><subfield code="b">M6</subfield></datafield><datafield ind1="0" ind2=" " tag="130"><subfield code="a">Reminder-journal press (South Milwaukee, Wis.)</subfield></datafield><datafield ind1="1" ind2="4" tag="245"><subfield code="a">The reminder-journal press.</subfield></datafield><datafield ind1=" " ind2=" " tag="260"><subfield code="a">South Milwaukee, Wis. :</subfield><subfield code="b">L.R. Stonek,</subfield><subfield code="c">1950-1951.</subfield></datafield><datafield ind1=" " ind2=" " tag="300"><subfield code="a">2 v. :</subfield><subfield code="b">ill.</subfield></datafield><datafield ind1=" " ind2=" " tag="310"><subfield code="a">Weekly</subfield></datafield><datafield ind1="0" ind2=" " tag="362"><subfield code="a">Fifty-eighth year, no. 49 (Dec. 7, 1950)-fifty-ninth year, no. 9 (Mar. 1, 1951).</subfield></datafield><datafield ind1=" " ind2=" " tag="530"><subfield code="a">Available on microfilm from The State Historical Society of Wisconsin.</subfield></datafield><datafield ind1=" " ind2=" " tag="580"><subfield code="a">Formed by the merger of: Reminder-press, Journal (South Milwaukee, Wis.) and the Regional Press (Town of Lake, Wis.).</subfield></datafield><datafield ind1=" " ind2=" " tag="752"><subfield code="a">United States</subfield><subfield code="b">Wisconsin</subfield><subfield code="c">Milwaukee</subfield><subfield code="d">South Milwaukee.</subfield></datafield><datafield ind1="1" ind2="0" tag="780"><subfield code="t">Journal (South Milwaukee, Wis.)</subfield><subfield code="w">(DLC)sn 86086304</subfield></datafield><datafield ind1="0" ind2="0" tag="785"><subfield code="t">Journal press</subfield><subfield code="w">(DLC)sn 86086306</subfield></datafield><datafield ind1="1" ind2=" " tag="787"><subfield code="t">Reminder-press</subfield><subfield code="w">(DLC)sn 86086060</subfield></datafield><datafield ind1="1" ind2=" " tag="787"><subfield code="t">Regional press (Town of Lake, Wis.)</subfield></datafield></record>